@inproceedings{Dua2014VirtualizationPaaS,
    title = {{Virtualization vs containerization to support PaaS}},
    year = {2014},
    booktitle = {Proceedings - 2014 IEEE International Conference on Cloud Engineering, IC2E 2014},
    author = {Dua, Rajdeep and Raja, A. Reddy and Kakadia, Dharmesh},
    pages = {610--614},
    isbn = {9781479937660},
    doi = {10.1109/IC2E.2014.41},
    issn = {2373-3845},
    pmid = {11242594},
    arxivId = {0521865719 9780521865715},
    keywords = {container, paas, virtualization}
}

@inproceedings{Pickartz2016MigratingCRIU,
    title = {{Migrating LinuX Containers Using CRIU}},
    year = {2016},
    booktitle = {Performance Computing},
    author = {Pickartz, Simon and Eiling, Niklas and Lankes, Stefan and Razik, Lukas and Monti, Antonello},
    pages = {674--684},
    isbn = {978-3-319-57971-9},
    doi = {10.1007/978-3-319-46079-6{\_}47},
    keywords = {criu, hpc, linux containers, migration}
}

@article{Salman2014TheSystems,
    title = {{The Behavior of Load Balancing Strategies with Regard to the Network Structure in Distributed Computing Systems}},
    year = {2014},
    journal = {2014 Tenth International Conference on Signal-Image Technology and Internet-Based Systems},
    author = {Salman, Mahdi Abed and Bertelle, Cyrille and Sanlaville, Eric},
    pages = {432--439},
    url = {http://ieeexplore.ieee.org/document/7081581/},
    isbn = {978-1-4799-7978-3},
    doi = {10.1109/SITIS.2014.42}
}

@inproceedings{Ann2015PerformanceMachines,
    title = {{Performance Comparison Between Linux Containers and Virtual Machines}},
    year = {2015},
    booktitle = {International Conference on Advances in Computer Engineering and Applications (ICACEA)},
    author = {Ann, Prof and Joy, Mary},
    pages = {342--346},
    address = {Ghaziabad, India},
    isbn = {9781467369114},
    doi = {978-1-4673-6911-4},
    keywords = {containers}
}

@article{Milojicic2000ProcessMigration,
    title = {{Process migration}},
    year = {2000},
    journal = {ACM Computing Surveys},
    author = {Miloji{\v{c}}i{\'{c}}, Dejan S. and Douglis, Fred and Paindaveine, Yves and Wheeler, Richard and Zhou, Songnian},
    number = {3},
    pages = {241--299},
    volume = {32},
    isbn = {0360-0300},
    doi = {10.1145/367701.367728},
    issn = {03600300}
}

@article{Gerofi2010AnEnvironments,
    title = {{An efficient process live migration mechanism for load balanced distributed virtual environments}},
    year = {2010},
    journal = {Proceedings - IEEE International Conference on Cluster Computing, ICCC},
    author = {Gerofi, Balazs and Fujita, Hajime and Ishikawa, Yutaka},
    pages = {197--206},
    isbn = {9780769542201},
    doi = {10.1109/CLUSTER.2010.25},
    issn = {15525244}
}

@article{Shah2012LoadSystem,
    title = {{Load Balancing by Process Migration in Distributed Operating System}},
    year = {2012},
    journal = {International Journal of Soft Computing and Engineering (IJSCE)},
    author = {Shah, Vatsal and Kapadia, Viral},
    number = {1},
    volume = {2}
}

@article{Hansen2012MigrationApplications,
    title = {{Migration of fine-grained multimedia applications}},
    year = {2012},
    journal = {Proceedings of the Posters and Demo Track on - Middleware '12},
    author = {Hansen, Hans Vatne and Vel{\'{a}}zquez-Garc{\'{i}}a, Francisco Javier and Goebel, Vera and Munthe-Kaas, Ellen and Plagemann, Thomas},
    pages = {1--2},
    url = {http://dl.acm.org/citation.cfm?id=2405153.2405165},
    isbn = {9781450316125},
    doi = {10.1145/2405153.2405165},
    keywords = {fine-grained applications, multimedia, process migration}
}

@article{Medina2014AMachines,
    title = {{A survey of migration mechanisms of virtual machines}},
    year = {2014},
    journal = {ACM Computing Surveys},
    author = {Medina, Violeta and Garc{\'{i}}a, Juan Manuel},
    number = {3},
    pages = {1--33},
    volume = {46},
    url = {http://dl.acm.org/citation.cfm?id=2578702.2492705},
    isbn = {0360-0300},
    doi = {10.1145/2492705},
    issn = {03600300}
}

@article{Osman2002TheZap,
    title = {{The design and implementation of Zap}},
    year = {2002},
    journal = {ACM SIGOPS Operating Systems Review},
    author = {Osman, Steven and Subhraveti, Dinesh and Su, Gong and Nieh, Jason},
    number = {SI},
    month = {12},
    pages = {361},
    volume = {36},
    url = {http://portal.acm.org/citation.cfm?doid=844128.844162},
    doi = {10.1145/844128.844162},
    issn = {01635980}
}

@article{Potter2005AutoPod:Loss,
    title = {{AutoPod: Unscheduled system updates with zero data loss}},
    year = {2005},
    journal = {Proceedings - Second International Conference on Autonomic Computing, ICAC 2005},
    author = {Potter, Shaya and Nieh, Jason},
    pages = {367--368},
    volume = {2005},
    isbn = {0769522769},
    doi = {10.1109/ICAC.2005.16}
}

@article{Pickartz2016ImplicationsEnvironments.,
    title = {{Implications of Process-Migration in Virtualized Environments.}},
    year = {2016},
    journal = {COSH@ HiPEAC},
    author = {Pickartz, Simon and Breitbart, Jens and Lankes, Stefan},
    pages = {31--36},
    doi = {http://dx.doi.org/10.14459/2016md1320971},
    keywords = {co-scheduling, hpc, intra-host, mpi, virtualization}
}

@article{Duell2005TheBLCR,
    title = {{The Design and Implementation of Berkeley Lab ’ s Linux Checkpoint / Restart 2 . The Uses of Checkpoint / Restart 3 . The Design of BLCR}},
    year = {2005},
    journal = {Design},
    author = {Duell, Jason},
    keywords = {checkpoint restart linux mpi}
}

@article{Li2015ComparingAvailability,
    title = {{Comparing containers versus virtual machines for achieving high availability}},
    year = {2015},
    journal = {Proceedings - 2015 IEEE International Conference on Cloud Engineering, IC2E 2015},
    author = {Li, Wubin and Kanso, Ali},
    pages = {353--358},
    isbn = {9781479982189},
    doi = {10.1109/IC2E.2015.79},
    keywords = {Cloud computing, Container, Fault tolerance, High availability, Hypervisor, Virtualization}
}

@article{OConnor2016ExploringArchitecture,
    title = {{Exploring the impact of situational context — A case study of a software development process for a microservices architecture}},
    year = {2016},
    journal = {2016 IEEE/ACM International Conference on Software and System Processes (ICSSP)},
    author = {O'Connor, Rory V. and Elger, Peter and Clarke, Paul M.},
    pages = {6--10},
    isbn = {978-1-4503-4188-2},
    doi = {10.1109/ICSSP.2016.009},
    keywords = {Agile, Companies, Computer architecture, Computing and Processing, Containers, Context, Lean, Personnel, Process Selection, Software, Software Development Context, Software Development Process}
}

@article{OConnor2017ContinuousPerspective,
    title = {{Continuous software engineering-A microservices architecture perspective}},
    year = {2017},
    journal = {Journal of Software: Evolution and Process},
    author = {O'Connor, Rory V. and Elger, Peter and Clarke, Paul M.},
    pages = {18--66},
    doi = {10.1002/smr.1866},
    issn = {20477473}
}