@inproceedings{mileo2008wireless,
  title={Wireless sensor networks supporting context-aware reasoning in assisted living},
  author={Mileo, Alessandra and Merico, Davide and Bisiani, Roberto},
  booktitle={Proceedings of the 1st international conference on PErvasive Technologies Related to Assistive Environments},
  pages={54},
  year={2008},
  organization={ACM}
}

@article{zhao2003face,
  title={Face recognition: A literature survey},
  author={Zhao, Wenyi and Chellappa, Rama and Phillips, P Jonathon and Rosenfeld, Azriel},
  journal={ACM computing surveys (CSUR)},
  volume={35},
  number={4},
  pages={399--458},
  year={2003},
  publisher={ACM}
}

@article{abate20072d,
  title={2D and 3D face recognition: A survey},
  author={Abate, Andrea F and Nappi, Michele and Riccio, Daniel and Sabatino, Gabriele},
  journal={Pattern recognition letters},
  volume={28},
  number={14},
  pages={1885--1906},
  year={2007},
  publisher={Elsevier}
}

@inproceedings{phillips2005overview,
  title={Overview of the face recognition grand challenge},
  author={Phillips, P Jonathon and Flynn, Patrick J and Scruggs, Todd and Bowyer, Kevin W and Chang, Jin and Hoffman, Kevin and Marques, Joe and Min, Jaesik and Worek, William},
  booktitle={Computer vision and pattern recognition, 2005. CVPR 2005. IEEE computer society conference on},
  volume={1},
  pages={947--954},
  year={2005},
  organization={IEEE}
}

@misc{makwana_makwana_2016, title={Deep Face Recognition Using Deep Convolutional Neural Network}, url={http://aiehive.com/deep-face-recognition-using-deep-convolution-neural-network/}, journal={AIeHive.com}, author={Makwana, Ramji M and Makwana, R M}, year={2016}, month={Dec}}

@inproceedings{turk1991face,
  title={Face recognition using eigenfaces},
  author={Turk, Matthew A and Pentland, Alex P},
  booktitle={Computer Vision and Pattern Recognition, 1991. Proceedings CVPR'91., IEEE Computer Society Conference on},
  pages={586--591},
  year={1991},
  organization={IEEE}}
  
@article{wang2005euclidean,
  title={On the Euclidean distance of images},
  author={Wang, Liwei and Zhang, Yan and Feng, Jufu},
  journal={IEEE transactions on pattern analysis and machine intelligence},
  volume={27},
  number={8},
  pages={1334--1339},
  year={2005},
  publisher={IEEE}
}

@article{zhang2007ml,
  title={ML-KNN: A lazy learning approach to multi-label learning},
  author={Zhang, Min-Ling and Zhou, Zhi-Hua},
  journal={Pattern recognition},
  volume={40},
  number={7},
  pages={2038--2048},
  year={2007},
  publisher={Elsevier}
}

@inproceedings{oliveira2017irish,
  title={Irish sign language recognition using principal component analysis and convolutional neural networks},
  author={Oliveira, Marlon and Chatbri, Houssem and Little, Suzanne and Ferstl, Ylva and O'Connor, Noel E and Sutherland, Alistair},
  booktitle={Digital Image Computing: Techniques and Applications (DICTA), 2017 International Conference on},
  pages={1--8},
  year={2017},
  organization={IEEE}
}

@misc{tensorflow2015-whitepaper,
title={ {TensorFlow}: Large-Scale Machine Learning on Heterogeneous Systems},
url={https://www.tensorflow.org/},
note={Software available from tensorflow.org},
author={
    Mart\'{\i}n~Abadi and
    Ashish~Agarwal and
    Paul~Barham and
    Eugene~Brevdo and
    Zhifeng~Chen and
    Craig~Citro and
    Greg~S.~Corrado and
    Andy~Davis and
    Jeffrey~Dean and
    Matthieu~Devin and
    Sanjay~Ghemawat and
    Ian~Goodfellow and
    Andrew~Harp and
    Geoffrey~Irving and
    Michael~Isard and
    Yangqing Jia and
    Rafal~Jozefowicz and
    Lukasz~Kaiser and
    Manjunath~Kudlur and
    Josh~Levenberg and
    Dandelion~Man\'{e} and
    Rajat~Monga and
    Sherry~Moore and
    Derek~Murray and
    Chris~Olah and
    Mike~Schuster and
    Jonathon~Shlens and
    Benoit~Steiner and
    Ilya~Sutskever and
    Kunal~Talwar and
    Paul~Tucker and
    Vincent~Vanhoucke and
    Vijay~Vasudevan and
    Fernanda~Vi\'{e}gas and
    Oriol~Vinyals and
    Pete~Warden and
    Martin~Wattenberg and
    Martin~Wicke and
    Yuan~Yu and
    Xiaoqiang~Zheng},
  year={2015},
}

@inproceedings{dean2012large,
  title={Large scale distributed deep networks},
  author={Dean, Jeffrey and Corrado, Greg and Monga, Rajat and Chen, Kai and Devin, Matthieu and Mao, Mark and Senior, Andrew and Tucker, Paul and Yang, Ke and Le, Quoc V and others},
  booktitle={Advances in neural information processing systems},
  pages={1223--1231},
  year={2012}
}


@inproceedings{Jia:2014:CCA:2647868.2654889,
 author = {Jia, Yangqing and Shelhamer, Evan and Donahue, Jeff and Karayev, Sergey and Long, Jonathan and Girshick, Ross and Guadarrama, Sergio and Darrell, Trevor},
 title = {Caffe: Convolutional Architecture for Fast Feature Embedding},
 booktitle = {Proceedings of the 22Nd ACM International Conference on Multimedia},
 series = {MM '14},
 year = {2014},
 isbn = {978-1-4503-3063-3},
 location = {Orlando, Florida, USA},
 pages = {675--678},
 numpages = {4},
 url = {http://doi.acm.org/10.1145/2647868.2654889},
 doi = {10.1145/2647868.2654889},
 acmid = {2654889},
 publisher = {ACM},
 address = {New York, NY, USA},
 keywords = {computer vision, machine learning, neural networks, open source, parallel computation},
}


@ARTICLE{2016arXiv160502688short,
   author = {{Theano Development Team}},
    title = "{Theano: A {Python} framework for fast computation of mathematical expressions}",
  journal = {arXiv e-prints},
   volume = {abs/1605.02688},
 primaryClass = "cs.SC",
 keywords = {Computer Science - Symbolic Computation, Computer Science - Learning, Computer Science - Mathematical Software},
     year = 2016,
    month = may,
      url = {http://arxiv.org/abs/1605.02688},
}

@misc{chollet2015keras,
  title={Keras},
  author={Chollet, Fran\c{c}ois and others},
  year={2015},
  howpublished={\url{https://keras.io}},
}


@article{lawrence1997face,
  title={Face recognition: A convolutional neural-network approach},
  author={Lawrence, Steve and Giles, C Lee and Tsoi, Ah Chung and Back, Andrew D},
  journal={IEEE transactions on neural networks},
  volume={8},
  number={1},
  pages={98--113},
  year={1997},
  publisher={IEEE}
}

@TechReport{LFWTech,
  author =       {Gary B. Huang and Manu Ramesh and Tamara Berg and 
                  Erik Learned-Miller},
  title =        {Labeled Faces in the Wild: A Database for Studying 
                  Face Recognition in Unconstrained Environments},
  institution =  {University of Massachusetts, Amherst},
  year =         2007,
  number =       {07-49},
  month =        {October}}
  
@article{zafeiriou2015survey,
  title={A survey on face detection in the wild: past, present and future},
  author={Zafeiriou, Stefanos and Zhang, Cha and Zhang, Zhengyou},
  journal={Computer Vision and Image Understanding},
  volume={138},
  pages={1--24},
  year={2015},
  publisher={Elsevier}
}


@article{agrawal2015evaluation,
  title={Evaluation of face recognition methods in unconstrained environments},
  author={Agrawal, Amrit Kumar and Singh, Yogendra Narain},
  journal={Procedia Computer Science},
  volume={48},
  pages={644--651},
  year={2015},
  publisher={Elsevier}
}

@article{blanz2003face,
  title={Face recognition based on fitting a 3D morphable model},
  author={Blanz, Volker and Vetter, Thomas},
  journal={IEEE Transactions on pattern analysis and machine intelligence},
  volume={25},
  number={9},
  pages={1063--1074},
  year={2003},
  publisher={IEEE}
}

@inproceedings{tan2006learning,
  title={Learning non-metric partial similarity based on maximal margin criterion},
  author={Tan, Xiaoyang and Chen, Songcan and Li, Jun and Zhou, Zhi-Hua},
  booktitle={null},
  pages={138--145},
  year={2006},
  organization={IEEE}
}


@incollection{kim2007occlusion,
  title={Occlusion invariant face recognition using two-dimensional PCA},
  author={Kim, Tae Young and Lee, Kyoung Mu and Lee, Sang Uk and Yim, Chung-Hyuk},
  booktitle={Advances in Computer Graphics and Computer Vision},
  pages={305--315},
  year={2007},
  publisher={Springer}
}

@inproceedings{chen2016recognition,
  title={Recognition of partially occluded face by error detection with logarithmic operator and KPCA},
  author={Chen, Xiaolin and Wang, Shunfang and Ruan, Xiaoli},
  booktitle={Image and Signal Processing, BioMedical Engineering and Informatics (CISP-BMEI), International Congress on},
  pages={460--464},
  year={2016},
  organization={IEEE}
}

@inproceedings{martinez2000recognition,
  title={Recognition of partially occluded and/or imprecisely localized faces using a probabilistic approach},
  author={Martinez, Aleix M},
  booktitle={Computer Vision and Pattern Recognition, 2000. Proceedings. IEEE Conference on},
  volume={1},
  pages={712--717},
  year={2000},
  organization={IEEE}
}

@article{chandler2016mitigation,
  title={Mitigation of effects of occlusion on object recognition with deep neural networks through low-level image completion},
  author={Chandler, Benjamin and Mingolla, Ennio},
  journal={Computational intelligence and neuroscience},
  volume={2016},
  year={2016},
  publisher={Hindawi}
}

@inproceedings{weinberger2006distance,
  title={Distance metric learning for large margin nearest neighbor classification},
  author={Weinberger, Kilian Q and Blitzer, John and Saul, Lawrence K},
  booktitle={Advances in neural information processing systems},
  pages={1473--1480},
  year={2006}
}

@article{kaur2012k,
  title={K-nearest neighbor classification approach for face and fingerprint at feature level fusion},
  author={Kaur, Manvjeet},
  journal={Int. J. Comput. Appl},
  volume={60},
  pages={13--17},
  year={2012},
  publisher={Citeseer}
}

@inproceedings{cheung2012convolutional,
  title={Convolutional neural networks applied to human face classification},
  author={Cheung, Brian},
  booktitle={Machine Learning and Applications (ICMLA), 2012 11th International Conference on},
  volume={2},
  pages={580--583},
  year={2012},
  organization={IEEE}
}

@inproceedings{lee2009convolutional,
  title={Convolutional deep belief networks for scalable unsupervised learning of hierarchical representations},
  author={Lee, Honglak and Grosse, Roger and Ranganath, Rajesh and Ng, Andrew Y},
  booktitle={Proceedings of the 26th annual international conference on machine learning},
  pages={609--616},
  year={2009},
  organization={ACM}
}

@misc{ageitgey_2018, 
title={ageitgey-face-recognition}, 
url={https://github.com/ageitgey/facerecognition}, 
journal={GitHub}, 
author={Ageitgey}, 
year={2018}, 
month={Jul}
}

@misc{1.4. support vector machines - scikit-learn 0.19.1 documentation, title={Faces recognition example using eigenfaces and SVMs¶}, url={http://scikit-learn.org/0.15/auto_examples/applications/face_recognition.html}, journal={1.4. Support Vector Machines - scikit-learn 0.19.1 documentation}}


@inproceedings{schroff2015facenet,
  title={Facenet: A unified embedding for face recognition and clustering},
  author={Schroff, Florian and Kalenichenko, Dmitry and Philbin, James},
  booktitle={Proceedings of the IEEE conference on computer vision and pattern recognition},
  pages={815--823},
  year={2015}
}


@article{wright2009robust,
  title={Robust face recognition via sparse representation},
  author={Wright, John and Yang, Allen Y and Ganesh, Arvind and Sastry, S Shankar and Ma, Yi},
  journal={IEEE transactions on pattern analysis and machine intelligence},
  volume={31},
  number={2},
  pages={210--227},
  year={2009},
  publisher={IEEE}
}

@article{scikit-learn,
 title={Scikit-learn: Machine Learning in {P}ython},
 author={Pedregosa, F. and Varoquaux, G. and Gramfort, A. and Michel, V.
         and Thirion, B. and Grisel, O. and Blondel, M. and Prettenhofer, P.
         and Weiss, R. and Dubourg, V. and Vanderplas, J. and Passos, A. and
         Cournapeau, D. and Brucher, M. and Perrot, M. and Duchesnay, E.},
 journal={Journal of Machine Learning Research},
 volume={12},
 pages={2825--2830},
 year={2011}
}